@book{Martin2008,
 author = {Martin, Robert C.},
 year = {2008},
 title = {Clean code: A handbook of agile software craftsmanship},
 publisher = {Prentice Hall},
}

@book{Martin2002,
  title =     {Agile Software Development. Principles, Patterns, and Practices },
  publisher = {Prentice Hall Computer},
  year =      {2002},
  author =    {Martin, Robert C.}
}

@book{Beck2005,
 author = {Beck, Kent and Andres, Cynthia},
 year = {2005},
 title = {Extreme programming explained: Embrace change},
 publisher = {Addison-Wesley}
}


@book{Hunt1999,
  title =     {The Pragmatic Programmer},
  publisher = {Addison Wesley},
  year =      {1999},
  author =    {Hunt, Andrew and Thomas, David}
}


@book{Gamma1995,
  title =     {Design Patterns. Elements of Reusable Object-Oriented Software},
  publisher = {Addison Wesley},
  year =      {1995},
  author =    {Gamma Erich; Helm Richard; Johnson Ralph; Vlissides John}
}


@book{Jeffries2000,
  title =     {Extreme Programming Installed (XP)},
  publisher = {Addison Wesley},
  year =      {2000},
  author =    {Jeffries, Ron}
}


@book{Jeffries2004,
  title =     {Extreme Programming Adventures in C\#},
  publisher = {Microsoft Press},
  year =      {2004},
  author =    {Jeffries, Ron}
}

@book{Booch2004,
  title =     {Object-Oriented Analysis and Design with Applications},
  publisher = {Addison-Wesley Professional;},
  year =      {2007},
  author =    {Booch Grady; Maksimchuk Robert; Engle Michael; Young Bobbi; Conallen Jim; Houston Kelli}
}

@book{Osherove2013,
  title =     {The Art of Unit Testing },
  publisher = {Manning},
  year =      {2013},
  author =    {Osherove, Roy}
}

@book{Feathers2013,
  title =     {Working Effectively with Legacy Code},
  publisher = {Prentice Hall},
  year =      {2013},
  author =    {Feathers, Michael}
}

@Online{Microsoft2016,
  Title                    = {C\# Coding Conventions},
  Author                   = {Microsoft},
  Url                      = {https://msdn.microsoft.com/en-us/library/ff926074.aspx},
  Year                     = {2016},
  Hyphenation              = {german},
	UrlDate 								 = {2.1.2016}
}

@Online{Martin2016,
  Title                    = {The Principles of OOD},
  Author                   = {Martin, Robert C.},
  Url                      = {http://www.butunclebob.com/ArticleS.UncleBob.PrinciplesOfOod},
  Hyphenation              = {english},
	UrlDate 								 = {30.1.2016}
}

@Online{Wilson2016,
 author = {Wilson, James; Kelling, George},
 title = {Broken Windows: The police and neighborhood safety},
 url = {http://manhattan-institute.org/pdf/_atlantic_monthly-broken_windows.pdf},
 urldate = {10.1.2016}
}

